@manual{agogis_richtlinien_2024,
  author       = {{Agogis}},
  title        = {13.0.1.2 Richtlinien für schriftliche Facharbeiten HF SP / KP \& HF SP Flex},
  year         = {2024},
  organization = {Agogis},
  note         = {Internes Dokument, nicht öffentlich zugänglich. Version gültig ab Start 2024.}
}

@online{overleaf_docs,
  author       = {{Overleaf}},
  title        = {Documentation - Overleaf, Online LaTeX Editor},
  year         = {2025},
  url          = {https://www.overleaf.com/learn},
  note         = {Zugriff am 5. Mai 2025}
}
